% Encoding: UTF-8
@book{duderstadt1979transport,
  title={Transport theory},
  author={Duderstadt, James J and Martin, William R},
  publisher={John Wiley \& Sons},
  year={1979}
}

@book{lewis1984computational,
  title={{Computational methods of neutron transport}},
  author={Lewis, Elmer E and Miller, Warren F},
  publisher={American Nuclear Society Inc.},
  address={La Grange Park, Ill., USA},
  year={1984}
}

@book{hebert2009applied,
  title={{Applied Reactor Physics}},
  author={H{\'e}bert, Alain},
  year={2009},
  publisher={Presses inter Polytechnique}
}

@book{bell1970nuclear,
  title={Nuclear reactor theory},
  author={Bell, George I and Glasstone, Samuel},
  year={1970},
  publisher={Van Nostrand Reinhold, New York}
}

@techreport{gelbard1960application,
  title={Application of spherical harmonics method to reactor problems},
  author={Gelbard, Ely M},
  note={Technical Report No. WAPD-BT-20},
  institution={Bettis Atomic Power Laboratory, West Mifflin, PA},
  year={1960}
}

@article{amos1983algorithm,
  title={{Algorithm 609: A Portable FORTRAN Subroutine for the Bickley Functions Ki$_n(x)$}},
  author={Amos, DE},
  journal={ACM Transactions on Mathematical Software (TOMS)},
  volume={9},
  number={4},
  pages={480--493},
  year={1983},
  publisher={ACM}
}

@article{amos1983uniform,
  title={Uniform Asymptotic Expansions for Exponential Integrals E\_ n (x) and Bickley Functions Ki n (x)},
  author={Amos, DE},
  journal={ACM Transactions on Mathematical Software (TOMS)},
  volume={9},
  number={4},
  pages={467--479},
  year={1983},
  publisher={ACM}
}

@article{boffi1972tensorial,
  title={Tensorial formulation of neutron diffusion theory},
  author={Boffi, Vinico C and Trombetti, Tullio},
  journal={Meccanica},
  volume={7},
  number={3},
  pages={131--140},
  year={1972},
  publisher={Springer}
}

@book{lamarsh1966introduction,
  title={Introduction to nuclear reactor theory},
  author={Lamarsh, John R},
  publisher={Addison-Wesley, Reading, MA, USA},
  year={1966}
}

@article{coppa2016an,
  title={{$A_\infty$ and $A_N$ formulations of the linear transport equation in heterogeneous media}},
  author={Coppa, G},
  journal={Annals of Nuclear Energy},
  volume={87},
  pages={630--636},
  year={2016},
  publisher={Elsevier}
}


@article{brantley2000simplified,
  title={The simplified P 3 approximation},
  author={Brantley, Patrick S and Larsen, Edward W},
  journal={Nuclear Science and Engineering},
  volume={134},
  number={1},
  pages={1--21},
  year={2000},
  publisher={Taylor \& Francis}
}


@article{PieroSNandAN,
  author = {Ciolini,~R. and Coppa,~G.G.M. and Montagnini,~B. and Ravetto,~P.},
  title = {{Simplified $P_N$ and $A_N$ methods in neutron transport}},
  journal = {Progress in Nuclear Energy},
  year = {2002},
  volume = {40},
  pages = {237--264},
  number = {2},
  publisher = {Elsevier}
}

@article{pomraning1982flux,
  title={{Flux limiters and Eddington factors}},
  author={Pomraning, G. C.},
  journal={Journal of Quantitative Spectroscopy and Radiative Transfer},
  volume={27},
  number={5},
  pages={517--530},
  year={1982},
  publisher={Elsevier}
}

@techreport{benoist1964theorie,
  title={Th{\'e}orie du coefficient de diffusion des neutrons dans un r{\'e}seau comportant des cavit{\'e}s},
  author={Benoist, Pierre},
  year={1964},
  note={PhD Thesis, Note CEA--R 2278 (in French)},
  institution={CEA Saclay France}
}

@article{pounders2009diffusion,
  title={On the diffusion coefficients for reactor physics applications},
  author={Pounders, Justin M and Rahnema, Farzad},
  journal={Nuclear Science and Engineering},
  volume={163},
  number={3},
  pages={243--262},
  year={2009},
  publisher={Taylor \& Francis}
}

@article{levermore1981flux,
  title={A flux-limited diffusion theory},
  author={Levermore, CD and Pomraning, GC},
  journal={The Astrophysical Journal},
  volume={248},
  pages={321--334},
  year={1981}
}

@inproceedings{tomatis2011application,
  title={Application of a numerical transport correction in diffusion calculations},
  booktitle={Proc. Int. Conf. on Mathematics and Computational Methods Applied to Nuclear Science and Engineering (M\&C 2011), Rio de Janeiro, RJ Brazil},
  month={May 8--12},
  author={Tomatis, Daniele and Dall'Osso, Aldo},
  year={2011}
}

@article{ronen2004accurate,
  title={Accurate relations between the neutron current densities and the neutron fluxes},
  author={Ronen, Yigal},
  journal={Nuclear science and engineering},
  volume={146},
  number={2},
  pages={245--247},
  year={2004},
  publisher={Taylor \& Francis}
}

@book{stacey2018nuclear,
  title={Nuclear reactor physics},
  author={Stacey, Weston M},
  year={2018},
  publisher={John Wiley \& Sons}
}

@article{smith1983nodal,
  title={Nodal method storage reduction by nonlinear iteration},
  author={Smith, KS},
  journal={Trans. Am. Nucl. Soc.},
  volume={44},
  pages={265--266},
  year={1983}
}

@article{smith1986assembly,
  title={Assembly homogenization techniques for light water reactor analysis},
  author={Smith, Kord S},
  journal={Progress in Nuclear Energy},
  volume={17},
  number={3},
  pages={303--335},
  year={1986},
  publisher={Elsevier}
}

@article{lawrence1986progress,
  title={Progress in nodal methods for the solution of the neutron diffusion and transport equations},
  author={Lawrence, RD},
  journal={Progress in Nuclear Energy},
  volume={17},
  number={3},
  pages={271--301},
  year={1986},
  publisher={Elsevier}
}

@book{meghreblian1960reactor,
  title={Reactor analysis},
  author={Meghreblian, Robert Vartan and Holmes, David K},
  year={1960},
  publisher={McGraw-Hill}
}

@book{AS1964handbook,
  title={Handbook of mathematical functions with formulas, graphs, and mathematical tables},
  author={Abramowitz, Milton and Stegun, Irene A},
  year={1964},
  publisher={Dover Publications New York}
}

@Article{Martin-2012,
  author  = {Martin, W. R.},
  title   = {Challenges and prospects for whole-core {M}onte {C}arlo analysis},
  journal = {Nuclear Engineering and Technology},
  year    = {2012},
  volume  = {44},
  number  = {2},
  pages   = {151--160},
}

@Conference{Smith-2011,
  author    = {Smith, K.},
  title     = {Monte {C}arlo for practical {LWR} analysis: what's needed to get to the goal?},
  booktitle = {American Nuclear Society Summer Meeting, M\&C Division, Computational Roundtable, Hollywood, FL, June 27, 2011.},
  year      = {2011},
}

@Comment{jabref-meta: databaseType:bibtex;}
